[
  {
    "report_id": "AAPL_10Q_20240331",
    "company_name": "Apple Inc.",
    "ticker_symbol": "AAPL",
    "filing_type": "10-Q",
    "filing_date": "2024-05-08T00:00:00Z",
    "report_content": "Apple reported steady performance with continued strength in Services and mixed results in hardware categories. The company continues to invest in AI, sustainability, and supply chain efficiency.",
    "revenue": 81.99,
    "net_income": 18.27,
    "eps": 1.11
  },
  {
    "report_id": "AAPL_10Q_20240101",
    "company_name": "Apple Inc.",
    "ticker_symbol": "AAPL",
    "filing_type": "10-Q",
    "filing_date": "2024-02-06T00:00:00Z",
    "report_content": "Apple reported steady performance with continued strength in Services and mixed results in hardware categories. The company continues to invest in AI, sustainability, and supply chain efficiency.",
    "revenue": 97.61,
    "net_income": 25.47,
    "eps": 1.53
  },
  {
    "report_id": "AAPL_10Q_20231003",
    "company_name": "Apple Inc.",
    "ticker_symbol": "AAPL",
    "filing_type": "10-Q",
    "filing_date": "2023-11-08T00:00:00Z",
    "report_content": "Apple reported steady performance with continued strength in Services and mixed results in hardware categories. The company continues to invest in AI, sustainability, and supply chain efficiency.",
    "revenue": 110.5,
    "net_income": 25.75,
    "eps": 1.67
  },
  {
    "report_id": "AAPL_10Q_20230705",
    "company_name": "Apple Inc.",
    "ticker_symbol": "AAPL",
    "filing_type": "10-Q",
    "filing_date": "2023-07-30T00:00:00Z",
    "report_content": "Apple reported steady performance with continued strength in Services and mixed results in hardware categories. The company continues to invest in AI, sustainability, and supply chain efficiency.",
    "revenue": 88.04,
    "net_income": 22.64,
    "eps": 1.48
  },
  {
    "report_id": "AAPL_10Q_20230406",
    "company_name": "Apple Inc.",
    "ticker_symbol": "AAPL",
    "filing_type": "10-Q",
    "filing_date": "2023-05-03T00:00:00Z",
    "report_content": "Apple reported steady performance with continued strength in Services and mixed results in hardware categories. The company continues to invest in AI, sustainability, and supply chain efficiency.",
    "revenue": 80.43,
    "net_income": 20.71,
    "eps": 1.22
  },
  {
    "report_id": "AAPL_10Q_20230106",
    "company_name": "Apple Inc.",
    "ticker_symbol": "AAPL",
    "filing_type": "10-Q",
    "filing_date": "2023-01-31T00:00:00Z",
    "report_content": "Apple reported steady performance with continued strength in Services and mixed results in hardware categories. The company continues to invest in AI, sustainability, and supply chain efficiency.",
    "revenue": 84.63,
    "net_income": 18.85,
    "eps": 1.12
  },
  {
    "report_id": "AAPL_10Q_20221008",
    "company_name": "Apple Inc.",
    "ticker_symbol": "AAPL",
    "filing_type": "10-Q",
    "filing_date": "2022-11-15T00:00:00Z",
    "report_content": "Apple reported steady performance with continued strength in Services and mixed results in hardware categories. The company continues to invest in AI, sustainability, and supply chain efficiency.",
    "revenue": 104.0,
    "net_income": 25.65,
    "eps": 1.67
  },
  {
    "report_id": "AAPL_10Q_20220710",
    "company_name": "Apple Inc.",
    "ticker_symbol": "AAPL",
    "filing_type": "10-Q",
    "filing_date": "2022-08-18T00:00:00Z",
    "report_content": "Apple reported steady performance with continued strength in Services and mixed results in hardware categories. The company continues to invest in AI, sustainability, and supply chain efficiency.",
    "revenue": 110.95,
    "net_income": 28.48,
    "eps": 1.77
  },
  {
    "report_id": "AAPL_10Q_20220411",
    "company_name": "Apple Inc.",
    "ticker_symbol": "AAPL",
    "filing_type": "10-Q",
    "filing_date": "2022-05-20T00:00:00Z",
    "report_content": "Apple reported steady performance with continued strength in Services and mixed results in hardware categories. The company continues to invest in AI, sustainability, and supply chain efficiency.",
    "revenue": 97.49,
    "net_income": 22.09,
    "eps": 1.46
  },
  {
    "report_id": "AAPL_10Q_20220111",
    "company_name": "Apple Inc.",
    "ticker_symbol": "AAPL",
    "filing_type": "10-Q",
    "filing_date": "2022-01-31T00:00:00Z",
    "report_content": "Apple reported steady performance with continued strength in Services and mixed results in hardware categories. The company continues to invest in AI, sustainability, and supply chain efficiency.",
    "revenue": 107.56,
    "net_income": 27.72,
    "eps": 1.76
  },
  {
    "report_id": "AAPL_10Q_20211013",
    "company_name": "Apple Inc.",
    "ticker_symbol": "AAPL",
    "filing_type": "10-Q",
    "filing_date": "2021-11-09T00:00:00Z",
    "report_content": "Apple reported steady performance with continued strength in Services and mixed results in hardware categories. The company continues to invest in AI, sustainability, and supply chain efficiency.",
    "revenue": 95.41,
    "net_income": 24.29,
    "eps": 1.54
  },
  {
    "report_id": "AAPL_10Q_20210715",
    "company_name": "Apple Inc.",
    "ticker_symbol": "AAPL",
    "filing_type": "10-Q",
    "filing_date": "2021-08-09T00:00:00Z",
    "report_content": "Apple reported steady performance with continued strength in Services and mixed results in hardware categories. The company continues to invest in AI, sustainability, and supply chain efficiency.",
    "revenue": 108.9,
    "net_income": 24.75,
    "eps": 1.61
  },
  {
    "report_id": "AAPL_10Q_20210416",
    "company_name": "Apple Inc.",
    "ticker_symbol": "AAPL",
    "filing_type": "10-Q",
    "filing_date": "2021-05-11T00:00:00Z",
    "report_content": "Apple reported steady performance with continued strength in Services and mixed results in hardware categories. The company continues to invest in AI, sustainability, and supply chain efficiency.",
    "revenue": 119.02,
    "net_income": 27.27,
    "eps": 1.8
  },
  {
    "report_id": "AAPL_10Q_20210116",
    "company_name": "Apple Inc.",
    "ticker_symbol": "AAPL",
    "filing_type": "10-Q",
    "filing_date": "2021-02-07T00:00:00Z",
    "report_content": "Apple reported steady performance with continued strength in Services and mixed results in hardware categories. The company continues to invest in AI, sustainability, and supply chain efficiency.",
    "revenue": 113.16,
    "net_income": 28.02,
    "eps": 1.84
  },
  {
    "report_id": "AAPL_10Q_20201018",
    "company_name": "Apple Inc.",
    "ticker_symbol": "AAPL",
    "filing_type": "10-Q",
    "filing_date": "2020-11-23T00:00:00Z",
    "report_content": "Apple reported steady performance with continued strength in Services and mixed results in hardware categories. The company continues to invest in AI, sustainability, and supply chain efficiency.",
    "revenue": 108.67,
    "net_income": 25.85,
    "eps": 1.52
  },
  {
    "report_id": "AAPL_10Q_20200720",
    "company_name": "Apple Inc.",
    "ticker_symbol": "AAPL",
    "filing_type": "10-Q",
    "filing_date": "2020-08-23T00:00:00Z",
    "report_content": "Apple reported steady performance with continued strength in Services and mixed results in hardware categories. The company continues to invest in AI, sustainability, and supply chain efficiency.",
    "revenue": 103.37,
    "net_income": 23.0,
    "eps": 1.37
  },
  {
    "report_id": "AAPL_10Q_20200421",
    "company_name": "Apple Inc.",
    "ticker_symbol": "AAPL",
    "filing_type": "10-Q",
    "filing_date": "2020-05-30T00:00:00Z",
    "report_content": "Apple reported steady performance with continued strength in Services and mixed results in hardware categories. The company continues to invest in AI, sustainability, and supply chain efficiency.",
    "revenue": 109.65,
    "net_income": 24.3,
    "eps": 1.52
  },
  {
    "report_id": "AAPL_10Q_20200122",
    "company_name": "Apple Inc.",
    "ticker_symbol": "AAPL",
    "filing_type": "10-Q",
    "filing_date": "2020-02-20T00:00:00Z",
    "report_content": "Apple reported steady performance with continued strength in Services and mixed results in hardware categories. The company continues to invest in AI, sustainability, and supply chain efficiency.",
    "revenue": 108.31,
    "net_income": 24.53,
    "eps": 1.62
  },
  {
    "report_id": "AAPL_10Q_20191024",
    "company_name": "Apple Inc.",
    "ticker_symbol": "AAPL",
    "filing_type": "10-Q",
    "filing_date": "2019-12-02T00:00:00Z",
    "report_content": "Apple reported steady performance with continued strength in Services and mixed results in hardware categories. The company continues to invest in AI, sustainability, and supply chain efficiency.",
    "revenue": 103.53,
    "net_income": 27.54,
    "eps": 1.71
  },
  {
    "report_id": "AAPL_10Q_20190726",
    "company_name": "Apple Inc.",
    "ticker_symbol": "AAPL",
    "filing_type": "10-Q",
    "filing_date": "2019-08-19T00:00:00Z",
    "report_content": "Apple reported steady performance with continued strength in Services and mixed results in hardware categories. The company continues to invest in AI, sustainability, and supply chain efficiency.",
    "revenue": 92.22,
    "net_income": 22.11,
    "eps": 1.4
  },
  {
    "report_id": "AAPL_10Q_20190427",
    "company_name": "Apple Inc.",
    "ticker_symbol": "AAPL",
    "filing_type": "10-Q",
    "filing_date": "2019-05-21T00:00:00Z",
    "report_content": "Apple reported steady performance with continued strength in Services and mixed results in hardware categories. The company continues to invest in AI, sustainability, and supply chain efficiency.",
    "revenue": 113.24,
    "net_income": 28.66,
    "eps": 1.7
  },
  {
    "report_id": "AAPL_10Q_20190127",
    "company_name": "Apple Inc.",
    "ticker_symbol": "AAPL",
    "filing_type": "10-Q",
    "filing_date": "2019-02-27T00:00:00Z",
    "report_content": "Apple reported steady performance with continued strength in Services and mixed results in hardware categories. The company continues to invest in AI, sustainability, and supply chain efficiency.",
    "revenue": 93.36,
    "net_income": 20.72,
    "eps": 1.25
  },
  {
    "report_id": "AAPL_10Q_20181029",
    "company_name": "Apple Inc.",
    "ticker_symbol": "AAPL",
    "filing_type": "10-Q",
    "filing_date": "2018-11-19T00:00:00Z",
    "report_content": "Apple reported steady performance with continued strength in Services and mixed results in hardware categories. The company continues to invest in AI, sustainability, and supply chain efficiency.",
    "revenue": 81.69,
    "net_income": 19.87,
    "eps": 1.26
  },
  {
    "report_id": "AAPL_10Q_20180731",
    "company_name": "Apple Inc.",
    "ticker_symbol": "AAPL",
    "filing_type": "10-Q",
    "filing_date": "2018-09-05T00:00:00Z",
    "report_content": "Apple reported steady performance with continued strength in Services and mixed results in hardware categories. The company continues to invest in AI, sustainability, and supply chain efficiency.",
    "revenue": 105.5,
    "net_income": 27.93,
    "eps": 1.8
  },
  {
    "report_id": "AAPL_10Q_20180502",
    "company_name": "Apple Inc.",
    "ticker_symbol": "AAPL",
    "filing_type": "10-Q",
    "filing_date": "2018-05-25T00:00:00Z",
    "report_content": "Apple reported steady performance with continued strength in Services and mixed results in hardware categories. The company continues to invest in AI, sustainability, and supply chain efficiency.",
    "revenue": 116.13,
    "net_income": 25.84,
    "eps": 1.55
  },
  {
    "report_id": "AAPL_10Q_20180201",
    "company_name": "Apple Inc.",
    "ticker_symbol": "AAPL",
    "filing_type": "10-Q",
    "filing_date": "2018-02-21T00:00:00Z",
    "report_content": "Apple reported steady performance with continued strength in Services and mixed results in hardware categories. The company continues to invest in AI, sustainability, and supply chain efficiency.",
    "revenue": 95.37,
    "net_income": 23.47,
    "eps": 1.53
  },
  {
    "report_id": "AAPL_10Q_20171103",
    "company_name": "Apple Inc.",
    "ticker_symbol": "AAPL",
    "filing_type": "10-Q",
    "filing_date": "2017-11-28T00:00:00Z",
    "report_content": "Apple reported steady performance with continued strength in Services and mixed results in hardware categories. The company continues to invest in AI, sustainability, and supply chain efficiency.",
    "revenue": 114.2,
    "net_income": 29.66,
    "eps": 1.92
  },
  {
    "report_id": "AAPL_10Q_20170805",
    "company_name": "Apple Inc.",
    "ticker_symbol": "AAPL",
    "filing_type": "10-Q",
    "filing_date": "2017-08-31T00:00:00Z",
    "report_content": "Apple reported steady performance with continued strength in Services and mixed results in hardware categories. The company continues to invest in AI, sustainability, and supply chain efficiency.",
    "revenue": 81.18,
    "net_income": 18.94,
    "eps": 1.23
  },
  {
    "report_id": "AAPL_10Q_20170507",
    "company_name": "Apple Inc.",
    "ticker_symbol": "AAPL",
    "filing_type": "10-Q",
    "filing_date": "2017-05-30T00:00:00Z",
    "report_content": "Apple reported steady performance with continued strength in Services and mixed results in hardware categories. The company continues to invest in AI, sustainability, and supply chain efficiency.",
    "revenue": 96.65,
    "net_income": 22.15,
    "eps": 1.34
  },
  {
    "report_id": "AAPL_10Q_20170206",
    "company_name": "Apple Inc.",
    "ticker_symbol": "AAPL",
    "filing_type": "10-Q",
    "filing_date": "2017-02-26T00:00:00Z",
    "report_content": "Apple reported steady performance with continued strength in Services and mixed results in hardware categories. The company continues to invest in AI, sustainability, and supply chain efficiency.",
    "revenue": 86.72,
    "net_income": 21.18,
    "eps": 1.28
  },
  {
    "report_id": "AAPL_10Q_20161108",
    "company_name": "Apple Inc.",
    "ticker_symbol": "AAPL",
    "filing_type": "10-Q",
    "filing_date": "2016-12-01T00:00:00Z",
    "report_content": "Apple reported steady performance with continued strength in Services and mixed results in hardware categories. The company continues to invest in AI, sustainability, and supply chain efficiency.",
    "revenue": 92.7,
    "net_income": 24.04,
    "eps": 1.6
  },
  {
    "report_id": "AAPL_10Q_20160810",
    "company_name": "Apple Inc.",
    "ticker_symbol": "AAPL",
    "filing_type": "10-Q",
    "filing_date": "2016-09-18T00:00:00Z",
    "report_content": "Apple reported steady performance with continued strength in Services and mixed results in hardware categories. The company continues to invest in AI, sustainability, and supply chain efficiency.",
    "revenue": 117.7,
    "net_income": 30.11,
    "eps": 1.84
  },
  {
    "report_id": "AAPL_10Q_20160512",
    "company_name": "Apple Inc.",
    "ticker_symbol": "AAPL",
    "filing_type": "10-Q",
    "filing_date": "2016-06-02T00:00:00Z",
    "report_content": "Apple reported steady performance with continued strength in Services and mixed results in hardware categories. The company continues to invest in AI, sustainability, and supply chain efficiency.",
    "revenue": 108.45,
    "net_income": 25.48,
    "eps": 1.55
  },
  {
    "report_id": "AAPL_10Q_20160212",
    "company_name": "Apple Inc.",
    "ticker_symbol": "AAPL",
    "filing_type": "10-Q",
    "filing_date": "2016-03-04T00:00:00Z",
    "report_content": "Apple reported steady performance with continued strength in Services and mixed results in hardware categories. The company continues to invest in AI, sustainability, and supply chain efficiency.",
    "revenue": 91.64,
    "net_income": 23.36,
    "eps": 1.47
  },
  {
    "report_id": "AAPL_10Q_20151114",
    "company_name": "Apple Inc.",
    "ticker_symbol": "AAPL",
    "filing_type": "10-Q",
    "filing_date": "2015-12-08T00:00:00Z",
    "report_content": "Apple reported steady performance with continued strength in Services and mixed results in hardware categories. The company continues to invest in AI, sustainability, and supply chain efficiency.",
    "revenue": 92.46,
    "net_income": 24.41,
    "eps": 1.58
  },
  {
    "report_id": "AAPL_10Q_20150816",
    "company_name": "Apple Inc.",
    "ticker_symbol": "AAPL",
    "filing_type": "10-Q",
    "filing_date": "2015-09-14T00:00:00Z",
    "report_content": "Apple reported steady performance with continued strength in Services and mixed results in hardware categories. The company continues to invest in AI, sustainability, and supply chain efficiency.",
    "revenue": 111.75,
    "net_income": 28.05,
    "eps": 1.73
  },
  {
    "report_id": "AAPL_10Q_20150518",
    "company_name": "Apple Inc.",
    "ticker_symbol": "AAPL",
    "filing_type": "10-Q",
    "filing_date": "2015-06-24T00:00:00Z",
    "report_content": "Apple reported steady performance with continued strength in Services and mixed results in hardware categories. The company continues to invest in AI, sustainability, and supply chain efficiency.",
    "revenue": 95.17,
    "net_income": 22.52,
    "eps": 1.45
  },
  {
    "report_id": "AAPL_10Q_20150217",
    "company_name": "Apple Inc.",
    "ticker_symbol": "AAPL",
    "filing_type": "10-Q",
    "filing_date": "2015-03-13T00:00:00Z",
    "report_content": "Apple reported steady performance with continued strength in Services and mixed results in hardware categories. The company continues to invest in AI, sustainability, and supply chain efficiency.",
    "revenue": 107.44,
    "net_income": 26.03,
    "eps": 1.72
  },
  {
    "report_id": "AAPL_10Q_20141119",
    "company_name": "Apple Inc.",
    "ticker_symbol": "AAPL",
    "filing_type": "10-Q",
    "filing_date": "2014-12-28T00:00:00Z",
    "report_content": "Apple reported steady performance with continued strength in Services and mixed results in hardware categories. The company continues to invest in AI, sustainability, and supply chain efficiency.",
    "revenue": 105.28,
    "net_income": 26.33,
    "eps": 1.68
  },
  {
    "report_id": "AAPL_10Q_20140821",
    "company_name": "Apple Inc.",
    "ticker_symbol": "AAPL",
    "filing_type": "10-Q",
    "filing_date": "2014-09-29T00:00:00Z",
    "report_content": "Apple reported steady performance with continued strength in Services and mixed results in hardware categories. The company continues to invest in AI, sustainability, and supply chain efficiency.",
    "revenue": 96.35,
    "net_income": 23.18,
    "eps": 1.37
  },
  {
    "report_id": "AAPL_10Q_20140523",
    "company_name": "Apple Inc.",
    "ticker_symbol": "AAPL",
    "filing_type": "10-Q",
    "filing_date": "2014-06-30T00:00:00Z",
    "report_content": "Apple reported steady performance with continued strength in Services and mixed results in hardware categories. The company continues to invest in AI, sustainability, and supply chain efficiency.",
    "revenue": 101.05,
    "net_income": 22.92,
    "eps": 1.46
  },
  {
    "report_id": "AAPL_10Q_20140222",
    "company_name": "Apple Inc.",
    "ticker_symbol": "AAPL",
    "filing_type": "10-Q",
    "filing_date": "2014-03-20T00:00:00Z",
    "report_content": "Apple reported steady performance with continued strength in Services and mixed results in hardware categories. The company continues to invest in AI, sustainability, and supply chain efficiency.",
    "revenue": 103.93,
    "net_income": 25.65,
    "eps": 1.55
  },
  {
    "report_id": "AAPL_10Q_20131124",
    "company_name": "Apple Inc.",
    "ticker_symbol": "AAPL",
    "filing_type": "10-Q",
    "filing_date": "2013-12-19T00:00:00Z",
    "report_content": "Apple reported steady performance with continued strength in Services and mixed results in hardware categories. The company continues to invest in AI, sustainability, and supply chain efficiency.",
    "revenue": 88.63,
    "net_income": 21.37,
    "eps": 1.38
  },
  {
    "report_id": "AAPL_10Q_20130826",
    "company_name": "Apple Inc.",
    "ticker_symbol": "AAPL",
    "filing_type": "10-Q",
    "filing_date": "2013-09-21T00:00:00Z",
    "report_content": "Apple reported steady performance with continued strength in Services and mixed results in hardware categories. The company continues to invest in AI, sustainability, and supply chain efficiency.",
    "revenue": 115.18,
    "net_income": 26.98,
    "eps": 1.62
  },
  {
    "report_id": "AAPL_10Q_20130528",
    "company_name": "Apple Inc.",
    "ticker_symbol": "AAPL",
    "filing_type": "10-Q",
    "filing_date": "2013-06-18T00:00:00Z",
    "report_content": "Apple reported steady performance with continued strength in Services and mixed results in hardware categories. The company continues to invest in AI, sustainability, and supply chain efficiency.",
    "revenue": 88.61,
    "net_income": 20.17,
    "eps": 1.33
  },
  {
    "report_id": "AAPL_10Q_20130227",
    "company_name": "Apple Inc.",
    "ticker_symbol": "AAPL",
    "filing_type": "10-Q",
    "filing_date": "2013-04-03T00:00:00Z",
    "report_content": "Apple reported steady performance with continued strength in Services and mixed results in hardware categories. The company continues to invest in AI, sustainability, and supply chain efficiency.",
    "revenue": 102.89,
    "net_income": 26.64,
    "eps": 1.67
  },
  {
    "report_id": "AAPL_10Q_20121129",
    "company_name": "Apple Inc.",
    "ticker_symbol": "AAPL",
    "filing_type": "10-Q",
    "filing_date": "2012-12-24T00:00:00Z",
    "report_content": "Apple reported steady performance with continued strength in Services and mixed results in hardware categories. The company continues to invest in AI, sustainability, and supply chain efficiency.",
    "revenue": 87.08,
    "net_income": 20.46,
    "eps": 1.36
  },
  {
    "report_id": "AAPL_10Q_20120831",
    "company_name": "Apple Inc.",
    "ticker_symbol": "AAPL",
    "filing_type": "10-Q",
    "filing_date": "2012-09-25T00:00:00Z",
    "report_content": "Apple reported steady performance with continued strength in Services and mixed results in hardware categories. The company continues to invest in AI, sustainability, and supply chain efficiency.",
    "revenue": 107.04,
    "net_income": 26.1,
    "eps": 1.61
  },
  {
    "report_id": "AAPL_10Q_20120602",
    "company_name": "Apple Inc.",
    "ticker_symbol": "AAPL",
    "filing_type": "10-Q",
    "filing_date": "2012-06-28T00:00:00Z",
    "report_content": "Apple reported steady performance with continued strength in Services and mixed results in hardware categories. The company continues to invest in AI, sustainability, and supply chain efficiency.",
    "revenue": 105.21,
    "net_income": 27.62,
    "eps": 1.75
  },
  {
    "report_id": "AAPL_10Q_20120304",
    "company_name": "Apple Inc.",
    "ticker_symbol": "AAPL",
    "filing_type": "10-Q",
    "filing_date": "2012-03-25T00:00:00Z",
    "report_content": "Apple reported steady performance with continued strength in Services and mixed results in hardware categories. The company continues to invest in AI, sustainability, and supply chain efficiency.",
    "revenue": 89.1,
    "net_income": 20.31,
    "eps": 1.21
  },
  {
    "report_id": "AAPL_10Q_20111205",
    "company_name": "Apple Inc.",
    "ticker_symbol": "AAPL",
    "filing_type": "10-Q",
    "filing_date": "2012-01-14T00:00:00Z",
    "report_content": "Apple reported steady performance with continued strength in Services and mixed results in hardware categories. The company continues to invest in AI, sustainability, and supply chain efficiency.",
    "revenue": 107.54,
    "net_income": 26.52,
    "eps": 1.62
  },
  {
    "report_id": "AAPL_10Q_20110906",
    "company_name": "Apple Inc.",
    "ticker_symbol": "AAPL",
    "filing_type": "10-Q",
    "filing_date": "2011-10-12T00:00:00Z",
    "report_content": "Apple reported steady performance with continued strength in Services and mixed results in hardware categories. The company continues to invest in AI, sustainability, and supply chain efficiency.",
    "revenue": 97.56,
    "net_income": 22.26,
    "eps": 1.35
  },
  {
    "report_id": "AAPL_10Q_20110608",
    "company_name": "Apple Inc.",
    "ticker_symbol": "AAPL",
    "filing_type": "10-Q",
    "filing_date": "2011-07-13T00:00:00Z",
    "report_content": "Apple reported steady performance with continued strength in Services and mixed results in hardware categories. The company continues to invest in AI, sustainability, and supply chain efficiency.",
    "revenue": 81.26,
    "net_income": 20.27,
    "eps": 1.26
  },
  {
    "report_id": "AAPL_10Q_20110310",
    "company_name": "Apple Inc.",
    "ticker_symbol": "AAPL",
    "filing_type": "10-Q",
    "filing_date": "2011-03-30T00:00:00Z",
    "report_content": "Apple reported steady performance with continued strength in Services and mixed results in hardware categories. The company continues to invest in AI, sustainability, and supply chain efficiency.",
    "revenue": 108.72,
    "net_income": 26.64,
    "eps": 1.75
  },
  {
    "report_id": "AAPL_10Q_20101210",
    "company_name": "Apple Inc.",
    "ticker_symbol": "AAPL",
    "filing_type": "10-Q",
    "filing_date": "2011-01-10T00:00:00Z",
    "report_content": "Apple reported steady performance with continued strength in Services and mixed results in hardware categories. The company continues to invest in AI, sustainability, and supply chain efficiency.",
    "revenue": 91.06,
    "net_income": 21.21,
    "eps": 1.39
  },
  {
    "report_id": "AAPL_10Q_20100911",
    "company_name": "Apple Inc.",
    "ticker_symbol": "AAPL",
    "filing_type": "10-Q",
    "filing_date": "2010-10-09T00:00:00Z",
    "report_content": "Apple reported steady performance with continued strength in Services and mixed results in hardware categories. The company continues to invest in AI, sustainability, and supply chain efficiency.",
    "revenue": 86.92,
    "net_income": 22.02,
    "eps": 1.3
  },
  {
    "report_id": "AAPL_10Q_20100613",
    "company_name": "Apple Inc.",
    "ticker_symbol": "AAPL",
    "filing_type": "10-Q",
    "filing_date": "2010-07-09T00:00:00Z",
    "report_content": "Apple reported steady performance with continued strength in Services and mixed results in hardware categories. The company continues to invest in AI, sustainability, and supply chain efficiency.",
    "revenue": 93.98,
    "net_income": 22.96,
    "eps": 1.43
  },
  {
    "report_id": "AAPL_10Q_20100315",
    "company_name": "Apple Inc.",
    "ticker_symbol": "AAPL",
    "filing_type": "10-Q",
    "filing_date": "2010-04-22T00:00:00Z",
    "report_content": "Apple reported steady performance with continued strength in Services and mixed results in hardware categories. The company continues to invest in AI, sustainability, and supply chain efficiency.",
    "revenue": 107.55,
    "net_income": 28.49,
    "eps": 1.86
  },
  {
    "report_id": "AAPL_10Q_20091215",
    "company_name": "Apple Inc.",
    "ticker_symbol": "AAPL",
    "filing_type": "10-Q",
    "filing_date": "2010-01-20T00:00:00Z",
    "report_content": "Apple reported steady performance with continued strength in Services and mixed results in hardware categories. The company continues to invest in AI, sustainability, and supply chain efficiency.",
    "revenue": 98.5,
    "net_income": 23.19,
    "eps": 1.53
  },
  {
    "report_id": "AAPL_10Q_20090916",
    "company_name": "Apple Inc.",
    "ticker_symbol": "AAPL",
    "filing_type": "10-Q",
    "filing_date": "2009-10-17T00:00:00Z",
    "report_content": "Apple reported steady performance with continued strength in Services and mixed results in hardware categories. The company continues to invest in AI, sustainability, and supply chain efficiency.",
    "revenue": 109.81,
    "net_income": 26.19,
    "eps": 1.68
  },
  {
    "report_id": "AAPL_10Q_20090618",
    "company_name": "Apple Inc.",
    "ticker_symbol": "AAPL",
    "filing_type": "10-Q",
    "filing_date": "2009-07-22T00:00:00Z",
    "report_content": "Apple reported steady performance with continued strength in Services and mixed results in hardware categories. The company continues to invest in AI, sustainability, and supply chain efficiency.",
    "revenue": 81.23,
    "net_income": 20.33,
    "eps": 1.21
  },
  {
    "report_id": "AAPL_10Q_20090320",
    "company_name": "Apple Inc.",
    "ticker_symbol": "AAPL",
    "filing_type": "10-Q",
    "filing_date": "2009-04-29T00:00:00Z",
    "report_content": "Apple reported steady performance with continued strength in Services and mixed results in hardware categories. The company continues to invest in AI, sustainability, and supply chain efficiency.",
    "revenue": 106.46,
    "net_income": 26.58,
    "eps": 1.59
  },
  {
    "report_id": "AAPL_10Q_20081220",
    "company_name": "Apple Inc.",
    "ticker_symbol": "AAPL",
    "filing_type": "10-Q",
    "filing_date": "2009-01-15T00:00:00Z",
    "report_content": "Apple reported steady performance with continued strength in Services and mixed results in hardware categories. The company continues to invest in AI, sustainability, and supply chain efficiency.",
    "revenue": 91.87,
    "net_income": 24.14,
    "eps": 1.54
  },
  {
    "report_id": "AAPL_10Q_20080921",
    "company_name": "Apple Inc.",
    "ticker_symbol": "AAPL",
    "filing_type": "10-Q",
    "filing_date": "2008-10-26T00:00:00Z",
    "report_content": "Apple reported steady performance with continued strength in Services and mixed results in hardware categories. The company continues to invest in AI, sustainability, and supply chain efficiency.",
    "revenue": 116.48,
    "net_income": 28.6,
    "eps": 1.72
  },
  {
    "report_id": "AAPL_10Q_20080623",
    "company_name": "Apple Inc.",
    "ticker_symbol": "AAPL",
    "filing_type": "10-Q",
    "filing_date": "2008-08-01T00:00:00Z",
    "report_content": "Apple reported steady performance with continued strength in Services and mixed results in hardware categories. The company continues to invest in AI, sustainability, and supply chain efficiency.",
    "revenue": 102.23,
    "net_income": 27.49,
    "eps": 1.8
  },
  {
    "report_id": "AAPL_10Q_20080325",
    "company_name": "Apple Inc.",
    "ticker_symbol": "AAPL",
    "filing_type": "10-Q",
    "filing_date": "2008-04-16T00:00:00Z",
    "report_content": "Apple reported steady performance with continued strength in Services and mixed results in hardware categories. The company continues to invest in AI, sustainability, and supply chain efficiency.",
    "revenue": 118.05,
    "net_income": 27.2,
    "eps": 1.71
  },
  {
    "report_id": "AAPL_10Q_20071226",
    "company_name": "Apple Inc.",
    "ticker_symbol": "AAPL",
    "filing_type": "10-Q",
    "filing_date": "2008-01-25T00:00:00Z",
    "report_content": "Apple reported steady performance with continued strength in Services and mixed results in hardware categories. The company continues to invest in AI, sustainability, and supply chain efficiency.",
    "revenue": 95.03,
    "net_income": 21.65,
    "eps": 1.44
  },
  {
    "report_id": "AAPL_10Q_20070927",
    "company_name": "Apple Inc.",
    "ticker_symbol": "AAPL",
    "filing_type": "10-Q",
    "filing_date": "2007-10-19T00:00:00Z",
    "report_content": "Apple reported steady performance with continued strength in Services and mixed results in hardware categories. The company continues to invest in AI, sustainability, and supply chain efficiency.",
    "revenue": 88.46,
    "net_income": 22.98,
    "eps": 1.41
  },
  {
    "report_id": "AAPL_10Q_20070629",
    "company_name": "Apple Inc.",
    "ticker_symbol": "AAPL",
    "filing_type": "10-Q",
    "filing_date": "2007-07-26T00:00:00Z",
    "report_content": "Apple reported steady performance with continued strength in Services and mixed results in hardware categories. The company continues to invest in AI, sustainability, and supply chain efficiency.",
    "revenue": 85.42,
    "net_income": 22.2,
    "eps": 1.33
  },
  {
    "report_id": "AAPL_10Q_20070331",
    "company_name": "Apple Inc.",
    "ticker_symbol": "AAPL",
    "filing_type": "10-Q",
    "filing_date": "2007-04-29T00:00:00Z",
    "report_content": "Apple reported steady performance with continued strength in Services and mixed results in hardware categories. The company continues to invest in AI, sustainability, and supply chain efficiency.",
    "revenue": 98.73,
    "net_income": 24.75,
    "eps": 1.61
  },
  {
    "report_id": "AAPL_10Q_20061231",
    "company_name": "Apple Inc.",
    "ticker_symbol": "AAPL",
    "filing_type": "10-Q",
    "filing_date": "2007-01-29T00:00:00Z",
    "report_content": "Apple reported steady performance with continued strength in Services and mixed results in hardware categories. The company continues to invest in AI, sustainability, and supply chain efficiency.",
    "revenue": 88.01,
    "net_income": 22.48,
    "eps": 1.48
  },
  {
    "report_id": "AAPL_10Q_20061002",
    "company_name": "Apple Inc.",
    "ticker_symbol": "AAPL",
    "filing_type": "10-Q",
    "filing_date": "2006-10-31T00:00:00Z",
    "report_content": "Apple reported steady performance with continued strength in Services and mixed results in hardware categories. The company continues to invest in AI, sustainability, and supply chain efficiency.",
    "revenue": 112.52,
    "net_income": 25.87,
    "eps": 1.68
  },
  {
    "report_id": "AAPL_10Q_20060704",
    "company_name": "Apple Inc.",
    "ticker_symbol": "AAPL",
    "filing_type": "10-Q",
    "filing_date": "2006-08-10T00:00:00Z",
    "report_content": "Apple reported steady performance with continued strength in Services and mixed results in hardware categories. The company continues to invest in AI, sustainability, and supply chain efficiency.",
    "revenue": 83.8,
    "net_income": 22.06,
    "eps": 1.38
  },
  {
    "report_id": "AAPL_10Q_20060405",
    "company_name": "Apple Inc.",
    "ticker_symbol": "AAPL",
    "filing_type": "10-Q",
    "filing_date": "2006-05-10T00:00:00Z",
    "report_content": "Apple reported steady performance with continued strength in Services and mixed results in hardware categories. The company continues to invest in AI, sustainability, and supply chain efficiency.",
    "revenue": 96.05,
    "net_income": 23.92,
    "eps": 1.57
  },
  {
    "report_id": "AAPL_10Q_20060105",
    "company_name": "Apple Inc.",
    "ticker_symbol": "AAPL",
    "filing_type": "10-Q",
    "filing_date": "2006-02-06T00:00:00Z",
    "report_content": "Apple reported steady performance with continued strength in Services and mixed results in hardware categories. The company continues to invest in AI, sustainability, and supply chain efficiency.",
    "revenue": 99.29,
    "net_income": 26.53,
    "eps": 1.59
  },
  {
    "report_id": "AAPL_10Q_20051007",
    "company_name": "Apple Inc.",
    "ticker_symbol": "AAPL",
    "filing_type": "10-Q",
    "filing_date": "2005-11-12T00:00:00Z",
    "report_content": "Apple reported steady performance with continued strength in Services and mixed results in hardware categories. The company continues to invest in AI, sustainability, and supply chain efficiency.",
    "revenue": 80.92,
    "net_income": 18.9,
    "eps": 1.17
  },
  {
    "report_id": "AAPL_10Q_20050709",
    "company_name": "Apple Inc.",
    "ticker_symbol": "AAPL",
    "filing_type": "10-Q",
    "filing_date": "2005-08-07T00:00:00Z",
    "report_content": "Apple reported steady performance with continued strength in Services and mixed results in hardware categories. The company continues to invest in AI, sustainability, and supply chain efficiency.",
    "revenue": 115.18,
    "net_income": 30.42,
    "eps": 1.81
  },
  {
    "report_id": "AAPL_10Q_20050410",
    "company_name": "Apple Inc.",
    "ticker_symbol": "AAPL",
    "filing_type": "10-Q",
    "filing_date": "2005-05-17T00:00:00Z",
    "report_content": "Apple reported steady performance with continued strength in Services and mixed results in hardware categories. The company continues to invest in AI, sustainability, and supply chain efficiency.",
    "revenue": 83.15,
    "net_income": 20.03,
    "eps": 1.19
  },
  {
    "report_id": "AAPL_10Q_20050110",
    "company_name": "Apple Inc.",
    "ticker_symbol": "AAPL",
    "filing_type": "10-Q",
    "filing_date": "2005-02-09T00:00:00Z",
    "report_content": "Apple reported steady performance with continued strength in Services and mixed results in hardware categories. The company continues to invest in AI, sustainability, and supply chain efficiency.",
    "revenue": 119.62,
    "net_income": 28.22,
    "eps": 1.73
  },
  {
    "report_id": "AAPL_10Q_20041012",
    "company_name": "Apple Inc.",
    "ticker_symbol": "AAPL",
    "filing_type": "10-Q",
    "filing_date": "2004-11-12T00:00:00Z",
    "report_content": "Apple reported steady performance with continued strength in Services and mixed results in hardware categories. The company continues to invest in AI, sustainability, and supply chain efficiency.",
    "revenue": 115.74,
    "net_income": 26.06,
    "eps": 1.69
  },
  {
    "report_id": "AAPL_10Q_20040714",
    "company_name": "Apple Inc.",
    "ticker_symbol": "AAPL",
    "filing_type": "10-Q",
    "filing_date": "2004-08-10T00:00:00Z",
    "report_content": "Apple reported steady performance with continued strength in Services and mixed results in hardware categories. The company continues to invest in AI, sustainability, and supply chain efficiency.",
    "revenue": 80.05,
    "net_income": 18.51,
    "eps": 1.15
  },
  {
    "report_id": "AAPL_10Q_20040415",
    "company_name": "Apple Inc.",
    "ticker_symbol": "AAPL",
    "filing_type": "10-Q",
    "filing_date": "2004-05-05T00:00:00Z",
    "report_content": "Apple reported steady performance with continued strength in Services and mixed results in hardware categories. The company continues to invest in AI, sustainability, and supply chain efficiency.",
    "revenue": 93.41,
    "net_income": 21.31,
    "eps": 1.36
  },
  {
    "report_id": "AAPL_10Q_20040116",
    "company_name": "Apple Inc.",
    "ticker_symbol": "AAPL",
    "filing_type": "10-Q",
    "filing_date": "2004-02-13T00:00:00Z",
    "report_content": "Apple reported steady performance with continued strength in Services and mixed results in hardware categories. The company continues to invest in AI, sustainability, and supply chain efficiency.",
    "revenue": 116.78,
    "net_income": 26.33,
    "eps": 1.63
  },
  {
    "report_id": "AAPL_10Q_20031018",
    "company_name": "Apple Inc.",
    "ticker_symbol": "AAPL",
    "filing_type": "10-Q",
    "filing_date": "2003-11-14T00:00:00Z",
    "report_content": "Apple reported steady performance with continued strength in Services and mixed results in hardware categories. The company continues to invest in AI, sustainability, and supply chain efficiency.",
    "revenue": 107.98,
    "net_income": 27.32,
    "eps": 1.81
  },
  {
    "report_id": "AAPL_10Q_20030720",
    "company_name": "Apple Inc.",
    "ticker_symbol": "AAPL",
    "filing_type": "10-Q",
    "filing_date": "2003-08-28T00:00:00Z",
    "report_content": "Apple reported steady performance with continued strength in Services and mixed results in hardware categories. The company continues to invest in AI, sustainability, and supply chain efficiency.",
    "revenue": 88.96,
    "net_income": 22.1,
    "eps": 1.32
  },
  {
    "report_id": "AAPL_10Q_20030421",
    "company_name": "Apple Inc.",
    "ticker_symbol": "AAPL",
    "filing_type": "10-Q",
    "filing_date": "2003-05-22T00:00:00Z",
    "report_content": "Apple reported steady performance with continued strength in Services and mixed results in hardware categories. The company continues to invest in AI, sustainability, and supply chain efficiency.",
    "revenue": 93.63,
    "net_income": 24.58,
    "eps": 1.55
  },
  {
    "report_id": "AAPL_10Q_20030121",
    "company_name": "Apple Inc.",
    "ticker_symbol": "AAPL",
    "filing_type": "10-Q",
    "filing_date": "2003-02-11T00:00:00Z",
    "report_content": "Apple reported steady performance with continued strength in Services and mixed results in hardware categories. The company continues to invest in AI, sustainability, and supply chain efficiency.",
    "revenue": 82.01,
    "net_income": 18.55,
    "eps": 1.22
  },
  {
    "report_id": "AAPL_10Q_20021023",
    "company_name": "Apple Inc.",
    "ticker_symbol": "AAPL",
    "filing_type": "10-Q",
    "filing_date": "2002-11-22T00:00:00Z",
    "report_content": "Apple reported steady performance with continued strength in Services and mixed results in hardware categories. The company continues to invest in AI, sustainability, and supply chain efficiency.",
    "revenue": 109.23,
    "net_income": 24.67,
    "eps": 1.63
  },
  {
    "report_id": "AAPL_10Q_20020725",
    "company_name": "Apple Inc.",
    "ticker_symbol": "AAPL",
    "filing_type": "10-Q",
    "filing_date": "2002-08-29T00:00:00Z",
    "report_content": "Apple reported steady performance with continued strength in Services and mixed results in hardware categories. The company continues to invest in AI, sustainability, and supply chain efficiency.",
    "revenue": 95.95,
    "net_income": 21.38,
    "eps": 1.34
  },
  {
    "report_id": "AAPL_10Q_20020426",
    "company_name": "Apple Inc.",
    "ticker_symbol": "AAPL",
    "filing_type": "10-Q",
    "filing_date": "2002-05-28T00:00:00Z",
    "report_content": "Apple reported steady performance with continued strength in Services and mixed results in hardware categories. The company continues to invest in AI, sustainability, and supply chain efficiency.",
    "revenue": 88.59,
    "net_income": 22.74,
    "eps": 1.45
  },
  {
    "report_id": "AAPL_10Q_20020126",
    "company_name": "Apple Inc.",
    "ticker_symbol": "AAPL",
    "filing_type": "10-Q",
    "filing_date": "2002-02-28T00:00:00Z",
    "report_content": "Apple reported steady performance with continued strength in Services and mixed results in hardware categories. The company continues to invest in AI, sustainability, and supply chain efficiency.",
    "revenue": 91.49,
    "net_income": 22.58,
    "eps": 1.49
  },
  {
    "report_id": "AAPL_10Q_20011028",
    "company_name": "Apple Inc.",
    "ticker_symbol": "AAPL",
    "filing_type": "10-Q",
    "filing_date": "2001-12-05T00:00:00Z",
    "report_content": "Apple reported steady performance with continued strength in Services and mixed results in hardware categories. The company continues to invest in AI, sustainability, and supply chain efficiency.",
    "revenue": 103.69,
    "net_income": 27.53,
    "eps": 1.63
  },
  {
    "report_id": "AAPL_10Q_20010730",
    "company_name": "Apple Inc.",
    "ticker_symbol": "AAPL",
    "filing_type": "10-Q",
    "filing_date": "2001-09-03T00:00:00Z",
    "report_content": "Apple reported steady performance with continued strength in Services and mixed results in hardware categories. The company continues to invest in AI, sustainability, and supply chain efficiency.",
    "revenue": 116.25,
    "net_income": 26.25,
    "eps": 1.66
  },
  {
    "report_id": "AAPL_10Q_20010501",
    "company_name": "Apple Inc.",
    "ticker_symbol": "AAPL",
    "filing_type": "10-Q",
    "filing_date": "2001-06-01T00:00:00Z",
    "report_content": "Apple reported steady performance with continued strength in Services and mixed results in hardware categories. The company continues to invest in AI, sustainability, and supply chain efficiency.",
    "revenue": 100.6,
    "net_income": 22.58,
    "eps": 1.43
  },
  {
    "report_id": "AAPL_10Q_20010131",
    "company_name": "Apple Inc.",
    "ticker_symbol": "AAPL",
    "filing_type": "10-Q",
    "filing_date": "2001-03-03T00:00:00Z",
    "report_content": "Apple reported steady performance with continued strength in Services and mixed results in hardware categories. The company continues to invest in AI, sustainability, and supply chain efficiency.",
    "revenue": 105.91,
    "net_income": 27.1,
    "eps": 1.71
  },
  {
    "report_id": "AAPL_10Q_20001102",
    "company_name": "Apple Inc.",
    "ticker_symbol": "AAPL",
    "filing_type": "10-Q",
    "filing_date": "2000-12-03T00:00:00Z",
    "report_content": "Apple reported steady performance with continued strength in Services and mixed results in hardware categories. The company continues to invest in AI, sustainability, and supply chain efficiency.",
    "revenue": 90.32,
    "net_income": 20.47,
    "eps": 1.3
  },
  {
    "report_id": "AAPL_10Q_20000804",
    "company_name": "Apple Inc.",
    "ticker_symbol": "AAPL",
    "filing_type": "10-Q",
    "filing_date": "2000-08-27T00:00:00Z",
    "report_content": "Apple reported steady performance with continued strength in Services and mixed results in hardware categories. The company continues to invest in AI, sustainability, and supply chain efficiency.",
    "revenue": 110.53,
    "net_income": 25.94,
    "eps": 1.62
  },
  {
    "report_id": "AAPL_10Q_20000506",
    "company_name": "Apple Inc.",
    "ticker_symbol": "AAPL",
    "filing_type": "10-Q",
    "filing_date": "2000-05-31T00:00:00Z",
    "report_content": "Apple reported steady performance with continued strength in Services and mixed results in hardware categories. The company continues to invest in AI, sustainability, and supply chain efficiency.",
    "revenue": 82.59,
    "net_income": 19.74,
    "eps": 1.23
  },
  {
    "report_id": "AAPL_10Q_20000206",
    "company_name": "Apple Inc.",
    "ticker_symbol": "AAPL",
    "filing_type": "10-Q",
    "filing_date": "2000-03-07T00:00:00Z",
    "report_content": "Apple reported steady performance with continued strength in Services and mixed results in hardware categories. The company continues to invest in AI, sustainability, and supply chain efficiency.",
    "revenue": 102.75,
    "net_income": 27.69,
    "eps": 1.66
  },
  {
    "report_id": "AAPL_10Q_19991108",
    "company_name": "Apple Inc.",
    "ticker_symbol": "AAPL",
    "filing_type": "10-Q",
    "filing_date": "1999-12-13T00:00:00Z",
    "report_content": "Apple reported steady performance with continued strength in Services and mixed results in hardware categories. The company continues to invest in AI, sustainability, and supply chain efficiency.",
    "revenue": 84.82,
    "net_income": 22.46,
    "eps": 1.34
  }
]